% Encoding: UTF-8

@Article{Benjamin2017,
  author  = {Benjamin, Daniel J and Berger, James O and Johannesson, Magnus and Nosek, Brian A and Wagenmakers, Eric-Jan and Berk, Richard and Bollen, Kenneth A and Brembs, Bj{\"o}rn and Brown, Lawrence and Camerer, Colin and others},
  title   = {Redefine statistical significance},
  doi     = {10.1038/s41562-017-0189-z},
  pages   = {6--10},
  volume  = {2},
  file    = {Benjamin2017.pdf:mmbib/papers/Benjamin2017.pdf:PDF},
  journal = {Nature Human Behaviour},
  year    = {2017},
}

@Book{Linton2017,
  author    = {Linton, Oliver},
  title     = {Probability, Statistics and Econometrics},
  publisher = {Academic Press},
  address   = {London, UK},
  owner     = {sameos},
  timestamp = {2017.03.31},
  year      = {2017},
}

@Book{Billingsley1995,
  author    = {Billingsley, Patrick},
  title     = {Probability and Measure},
  edition   = {3rd},
  publisher = {Wiley},
  year      = {1995},
}

@Article{Leemis2008,
  author  = {Lawrence M. Leemis and Jacquelyn T. McQueston},
  title   = {Univariate Distribution Relationships},
  doi     = {10.1198/000313008X270448},
  number  = {1},
  pages   = {45--53},
  volume  = {62},
  journal = {American Statistician},
  year    = {2008},
}

@Article{Haavelmo1944,
  author  = {Trygve Haavelmo},
  title   = {The Probability Approach in Econometrics},
  pages   = {iii--115},
  url     = {http://www.jstor.org/stable/1906935},
  volume  = {12},
  journal = {Econometrica},
  year    = {1944},
}

@Book{Hogg2013,
  author    = {Hogg, Robert V. and McKean, Joseph W. and Craig, Allen T.},
  title     = {Introduction to Mathematical Statistics},
  edition   = {7th},
  publisher = {Pearson Education},
  year      = {2013},
}

@Manual{R2023,
  author       = {{R Core Team}},
  title        = {R: A Language and Environment for Statistical Computing},
  organization = {R Foundation for Statistical Computing},
  url          = {https://www.R-project.org/},
  address      = {Vienna, Austria},
  year         = {2023},
}

@Book{Wickham2017,
  author    = {Wickham, Hadley and Grolemund, Garrett},
  title     = {R for Data Science: Import, Tidy, Transform, Visualize, and Model Data},
  publisher = {O'Reilly},
  year      = {2017},
}

@Book{Rosenthal2006,
  author    = {Rosenthal, Jeffrey S.},
  title     = {A First Look at Rigorous Probability Theory},
  edition   = {2nd},
  publisher = {World Scientific},
  year      = {2006},
}
